@inproceedings{gong2022gender,
  title={Gender and Power in Japanese Light Novels.},
  author={Gong, Xiaoyun and Lin, Yuxi and Ding, Ye and Klein, Lauren},
  booktitle={CHR},
  pages={256--267},
  year={2022}
}

@article{hasegawa2023statistical,
  title={A Statistical Analysis of History of Japanese Light Novels},
  author={Hasegawa, Sho and Yamada, Masashi},
  journal={Kansei Engineering},
  volume={101},
  number={101},
  year={2023},
  publisher={AHFE Open Acces}
}
